%% This BibTeX bibliography file was created using BibDesk.
%% http://bibdesk.sourceforge.net/

%% Created for Chen Wang at 2017-02-26 12:29:53 -0500 


%% Saved with string encoding Unicode (UTF-8) 


@string{acis = {Adv. Colloid Interface Sci.}}

@string{ajp = {Am. J. Phys.}}

@string{ao = {Appl. Opt.}}

@string{apl = {Appl. Phys. Lett.}}

@string{ast = {Aerosol Sci. Tech.}}

@string{bj = {Biophys. J.}}

@string{cps = {Colloid Polymer Sci.}}

@string{csa = {Colloids Surfaces A}}

@string{fd = {Faraday Discuss.}}

@string{jacs = {J. Am. Chem. Soc.}}

@string{jcis = {J. Colloid Interface Sci.}}

@string{jcp = {J. Chem. Phys.}}

@string{jpcb = {J. Phys. Chem. B}}

@string{jpcs = {J. Phys. Chem. Solids}}

@string{jpharmsci = {J. Pharm. Sci.}}

@string{jqsrt = {J. Quant. Spectr. Rad. Trans.}}

@string{ox = {Opt. Express}}

@string{pnas = {Proc. Natl. Acad. Sci. U.S.A.}}

@string{pra = {Phys. Rev. A}}

@string{pre = {Phys. Rev. E}}

@string{prl = {Phys. Rev. Lett.}}

@string{rsi = {Rev. Sci. Instrum.}}


@article{cheong09,
	Author = {Cheong, Fook Chiong and Sun, Bo and Dreyfus, R\'emi and Amato-Grill, Jesse and Xiao, Ke and Dixon, Lisa and Grier, David G.},
	Date-Added = {2017-02-26 17:23:56 +0000},
	Date-Modified = {2017-02-26 17:23:56 +0000},
	Doi = {10.1364/OE.17.013071},
	Journal = ox,
	Lastmodified = 20090707,
	Pages = {13071-13079},
	Title = {Flow visualization and flow cytometry with holographic video microscopy},
	Version = {gpu10c},
	Volume = 17,
	Year = 2009,
	Bdsk-Url-1 = {http://dx.doi.org/10.1364/OE.17.013071}}

@article{hannel15,
	Archiveprefix = {arXiv},
	Author = {Hannel, Mark and Middleton, Christine and Grier, David G.},
	Date-Added = {2017-02-26 17:23:56 +0000},
	Date-Modified = {2017-02-26 17:23:56 +0000},
	Doi = {10.1063/1.4932948},
	Eprint = {1508.01710},
	Journal = apl,
	Lastmodified = 20150815,
	Pages = 141905,
	Primaryclass = {cond-mat.soft},
	Title = {Holographic characterization of imperfect colloidal spheres},
	Version = {dimpled4c},
	Volume = 107,
	Year = 2015,
	Bdsk-Url-1 = {http://dx.doi.org/10.1063/1.4932948}}

@article{krishnatreya14a,
	Author = {Krishnatreya, Bhaskar Jyoti and Grier, David G.},
	Date-Added = {2017-02-26 17:23:56 +0000},
	Date-Modified = {2017-02-26 17:23:56 +0000},
	Doi = {10.1364/OE.22.012773},
	Journal = ox,
	Lastmodified = 20140313,
	Pages = {12773-12778},
	Title = {Fast feature identification for holographic tracking: The orientation alignment transform},
	Version = {circle5c},
	Volume = 22,
	Year = 2014,
	Bdsk-Url-1 = {http://dx.doi.org/10.1364/OE.22.012773}}

@article{lee07,
	Author = {Lee, Sang-Hyuk and Grier, David G},
	Date-Added = {2017-02-26 17:23:56 +0000},
	Date-Modified = {2017-02-26 17:23:56 +0000},
	Doi = {10.1364/OE.15.001505},
	Journal = ox,
	Key = {cgh, hot, microscopy},
	Lastmodified = 20070211,
	Pages = {1505-1512},
	Title = {Holographic microscopy of holographically trapped three-dimensional structures},
	Version = {hotmicroscopy2c},
	Volume = 15,
	Year = 2007,
	Bdsk-Url-1 = {http://dx.doi.org/10.1364/OE.15.001505}}

@article{wang15a,
	Archiveprefix = {arXiv},
	Author = {Wang, Chen and Moyses, Henrique W. and Grier, David G.},
	Date-Added = {2017-02-26 17:23:56 +0000},
	Date-Modified = {2017-02-26 17:23:56 +0000},
	Doi = {10.1063/1.4928178},
	Eprint = {1507.06680},
	Journal = apl,
	Lastmodified = 20150723,
	Pages = 051903,
	Primaryclass = {cond-mat.soft},
	Title = {Stimulus-responsive colloidal sensors with fast holographic readout},
	Version = {laplace8c},
	Volume = 107,
	Year = 2015,
	Bdsk-Url-1 = {http://dx.doi.org/10.1063/1.4928178}}

@article{aubert86,
	Author = {Aubert, Claude and Cannell, David S.},
	Date-Added = {2017-02-26 17:23:56 +0000},
	Date-Modified = {2017-02-26 17:23:56 +0000},
	Journal = prl,
	Pages = {738-741},
	Title = {Restructuring of colloidal silica aggregates},
	Volume = 56,
	Year = 1986}

@article{ball02,
	Author = {Ball, V. and Winterhalter, M. and Schwinte, P. and Lavalle, Ph. and Voegel, J.-C. and Schaaf, P.},
	Date-Added = {2017-02-26 17:23:56 +0000},
	Date-Modified = {2017-02-26 17:23:56 +0000},
	Journal = jpcb,
	Pages = {2357-2364},
	Title = {Complexation mechanism of bovine serum albumin and poly(allylamine hydrochloride)},
	Volume = 106,
	Year = 2002}

@article{basim02,
	Author = {Basim, G. Bahar and Moudgil, Brij M.},
	Date-Added = {2017-02-26 17:23:56 +0000},
	Date-Modified = {2017-02-26 17:23:56 +0000},
	Journal = jcis,
	Pages = {137-142},
	Title = {Effect of soft agglomerates on {CMP} slurry performance},
	Volume = 256,
	Year = 2002}

@book{bohren83,
	Address = {New York},
	Author = {Bohren, Craig F. and Huffman, Donald R.},
	Date-Added = {2017-02-26 17:23:56 +0000},
	Date-Modified = {2017-02-26 17:23:56 +0000},
	Publisher = {Wiley Interscience},
	Title = {Absorption and Scattering of Light by Small Particles},
	Year = 1983}

@article{morris09,
	Author = {Morris, Aimee M. and Watzky, Murielle A. and Finke, Richard G.},
	Date-Added = {2017-02-26 17:23:56 +0000},
	Date-Modified = {2017-02-26 17:23:56 +0000},
	Journal = {Biochimica et Biophysica Acta},
	Pages = {375-397},
	Title = {Protein aggregation kinetics, mechanism and curve fitting: A review of the literature},
	Volume = 1794,
	Year = 2009}

@article{wang05,
	Author = {Wang, W.},
	Date-Added = {2017-02-26 17:23:56 +0000},
	Date-Modified = {2017-02-26 17:23:56 +0000},
	Journal = {Int. J. Pharma.},
	Pages = {1-30},
	Title = {Protein aggregation and its inhibition in biopharmaceutics},
	Volume = 289,
	Year = 2005}

@book{mishchenko02,
	Address = {Cambridge},
	Author = {Mishchenko, M. I. and Travis, L. D. and Lacis, A. A.},
	Date-Added = {2017-02-26 17:23:56 +0000},
	Date-Modified = {2017-02-26 17:23:56 +0000},
	Publisher = {Cambridge University Press},
	Title = {Scattering, Absorption and Emission of Light by Small Particles},
	Year = 2001}

@article{hagiwara96,
	Author = {Hagiwara, Tomoaki and Kumagai, Hitoshi and Nakamura, Kozo},
	Date-Added = {2017-02-26 17:23:56 +0000},
	Date-Modified = {2017-02-26 17:23:56 +0000},
	Journal = {Biosci. Biotech. Biochem.},
	Number = 11,
	Pages = {1757-1763},
	Title = {Fractal analysis of aggregates formed by heating dilute {BSA} solutions using light scattering methods},
	Volume = 60,
	Year = 1996}

@article{sluzky91,
	Author = {Sluzky, V. and Tamada, J. A. and Klibanov, A. M. and Langer, R.},
	Date-Added = {2017-02-26 17:23:56 +0000},
	Date-Modified = {2017-02-26 17:23:56 +0000},
	Journal = pnas,
	Number = 21,
	Pages = {9377-9381},
	Title = {Kinetics of insulin aggregation in aqueous solutions upon agitation in the presence of hydrophobic surfaces},
	Volume = 88,
	Year = 1991}

@article{wang99a,
	Author = {Wei Wang},
	Date-Added = {2017-02-26 17:23:56 +0000},
	Date-Modified = {2017-02-26 17:23:56 +0000},
	Journal = {Int. J. Pharm.},
	Pages = {129-188},
	Title = {Instability, stabilization, and formulation of liquid protein pharmaceuticals},
	Volume = 185,
	Year = 1999}

@book{berne00,
	Address = {Mineola, New York},
	Author = {Berne, Bruce J. and Pecora, Robert},
	Date-Added = {2016-08-19 19:29:01 +0000},
	Date-Modified = {2016-08-19 19:36:37 +0000},
	Publisher = {Dover Publications},
	Title = {Dynamic Light Scattering with Application to Chemistry, Biology and Physics},
	Year = {2000}}

@article{hamrang15,
	Author = {Hamrang, Zahra and Hussain, Maryam and Tingey, Katie and Tracka, Malgorzata and Casas-Finet, Jos{\'e} R. and Uddin, Shahid and Walle, Christopher F. van der and Pluen, Alain},
	Date-Added = {2016-08-19 18:39:06 +0000},
	Date-Modified = {2016-08-19 19:30:52 +0000},
	Journal = {J. Pharm. Sci.},
	Pages = {2473-2481},
	Title = {Characterisation of stress-induced aggregate size distributions and morphological changes of a bi-specific antibody using orthogonal techniques},
	Volume = {104(8)},
	Year = {2015}}

@article{panchal14,
	Author = {Panchal, J. and Kotarek, J. and Marszal, E. and Topp, E. M.},
	Date-Added = {2016-08-19 18:33:47 +0000},
	Date-Modified = {2016-08-19 18:38:30 +0000},
	Journal = {AAPS J.},
	Number = {3},
	Pages = {440-451},
	Title = {Analyzing subvisible particles in protein drug products: a comparison of dynamic light scattering (DLS) and resonant mass measurement (RMM)},
	Volume = {16},
	Year = {2014}}

@article{dufresne98,
	Author = {Dufresne, Eric R. and Grier, David G.},
	Date-Added = {2016-08-10 15:06:39 +0000},
	Date-Modified = {2016-08-10 15:06:39 +0000},
	Doi = {10.1063/1.1148883},
	Journal = rsi,
	Key = {hot, optical tweezer, colloid},
	Moddate = 19980131,
	Number = 5,
	Pages = {1974-1977},
	Title = {Optical tweezer arrays and optical substrates created with diffractive optical elements},
	Version = {hexa6c},
	Volume = 69,
	Year = 1998,
	Bdsk-Url-1 = {http://dx.doi.org/10.1063/1.1148883}}

@article{grier03,
	Author = {Grier, David G.},
	Date-Added = {2016-08-10 15:06:39 +0000},
	Date-Modified = {2016-08-10 15:06:39 +0000},
	Doi = {10.1038/nature01935},
	Journal = {Nature},
	Key = {hot, optical tweezer, optical vortex, MEMS},
	Moddate = 20030515,
	Number = 6950,
	Pages = {810-816},
	Title = {A revolution in optical manipulation},
	Version = {nreview2c},
	Volume = 424,
	Year = 2003,
	Bdsk-Url-1 = {http://dx.doi.org/10.1038/nature01935}}

@article{shpaisman12,
	Author = {Shpaisman, Hagay and Krishnatreya, Bhaskar Jyoti and Grier, David G.},
	Date-Added = {2016-08-10 15:06:39 +0000},
	Date-Modified = {2016-08-10 15:06:39 +0000},
	Doi = {10.1063/1.4747168},
	Journal = apl,
	Moddate = 20120314,
	Pages = 091102,
	Title = {Holographic microrefractometer},
	Version = {refractometer3c},
	Volume = 101,
	Year = 2012,
	Bdsk-Url-1 = {http://dx.doi.org/10.1063/1.4747168}}

@article{wang15,
	Author = {Wang, Chen and Shpaisman, Hagay and Hollingsworth, Andrew D. and Grier, David G.},
	Date-Added = {2016-08-10 15:06:39 +0000},
	Date-Modified = {2016-08-10 15:06:39 +0000},
	Doi = {10.1039/C4SM01979B},
	Journal = {Soft Matter},
	Moddate = 20140824,
	Pages = {1062-1066},
	Title = {Monitoring colloidal growth with holographic microscopy},
	Version = {pdms8c},
	Volume = 11,
	Year = 2015,
	Bdsk-Url-1 = {http://dx.doi.org/10.1039/C4SM01979B}}

@book{born99,
	Address = {Cambridge},
	Author = {Born, Max and Wolf, Emil},
	Date-Added = {2016-08-10 15:06:39 +0000},
	Date-Modified = {2016-08-10 15:06:39 +0000},
	Edition = {7th},
	Publisher = {Cambridge University Press},
	Title = {Principles of Optics: Electromagnetic Theory of Propagation, Interference and Diffraction of Light},
	Year = 1999}

@article{flory41,
	Author = {Flory, Paul J.},
	Date-Added = {2016-08-10 15:06:39 +0000},
	Date-Modified = {2016-08-10 15:06:39 +0000},
	Journal = jcp,
	Pages = {660-661},
	Title = {Thermodynamics of high polymer solutions},
	Volume = 9,
	Year = 1941}

@article{flory43a,
	Author = {Flory, Paul J. and Rehner, John},
	Date-Added = {2016-08-10 15:06:39 +0000},
	Date-Modified = {2016-08-10 15:06:39 +0000},
	Journal = jcp,
	Pages = {521-526},
	Title = {Statistical mechanics of cross-linked polymer networks II. Swelling},
	Volume = 11,
	Year = 1943}

@article{flory50,
	Author = {Flory, Paul J.},
	Date-Added = {2016-08-10 15:06:39 +0000},
	Date-Modified = {2016-08-10 15:06:39 +0000},
	Journal = jcp,
	Pages = {108-111},
	Title = {Statistical mechanics of swelling of network structures},
	Volume = 18,
	Year = 1950}

@article{fujii05,
	Author = {Fujii, Syuji and Armes, Steven P. and Araki, Tohru and Ade, Harald},
	Date-Added = {2016-08-10 15:06:39 +0000},
	Date-Modified = {2016-08-10 15:06:39 +0000},
	Journal = jacs,
	Pages = {16808-16809},
	Title = {Direct imaging and spectroscopic characterization of stimulus-responsive microgels},
	Volume = 127,
	Year = 2005}

@article{huggins41,
	Author = {Huggins, Maurice L.},
	Date-Added = {2016-08-10 15:06:39 +0000},
	Date-Modified = {2016-08-10 15:06:39 +0000},
	Journal = jcp,
	Pages = 440,
	Title = {Solutions of long chain compounds},
	Volume = 9,
	Year = 1941}

@article{lifshitz61,
	Author = {Lifshitz, Ilya Mikhailovich and Slyozov, Vitaly V},
	Date-Added = {2016-08-10 15:06:39 +0000},
	Date-Modified = {2016-08-10 15:06:39 +0000},
	Journal = jpcs,
	Pages = {35--50},
	Title = {The kinetics of precipitation from supersaturated solid solutions},
	Volume = 19,
	Year = 1961}

@article{quesadaperez11,
	Author = {Quesada-P\'erez, Manuel and Maroto-Centeno, Jos\'e Alberto and Forcada, Jacqueline and Hidalgo-Alvarez, Roque},
	Date-Added = {2016-08-10 15:06:39 +0000},
	Date-Modified = {2016-08-10 15:06:39 +0000},
	Journal = {Soft Matter},
	Pages = 10536,
	Title = {Gel swelling theories: the classical formalism and recent approaches},
	Volume = 7,
	Year = 2011}

@article{stuart10,
	Author = {Stuart, Martien A. Cohen and Huck, Wilhelm, T. S. and Genzer, Jan and M{\"u}ller, Marcus and Ober, Christopher and Stamm, Manfred and Sukhorukov, Gleb B. and Szleifer, Igal and Tsukruk, Vladimir V. and Urban, Marek and Winnik, Fran{\c c}oise and Zauscher, Stefan and Luzinov, Igor and Minko, Sergiy},
	Date-Added = {2016-08-10 15:06:39 +0000},
	Date-Modified = {2016-08-10 15:06:39 +0000},
	Journal = {Nature Materials},
	Pages = {101-113},
	Title = {Emerging applications of stimuli-responsive polymer materials},
	Volume = 9,
	Year = 2010}

@article{wagner61,
	Author = {Wagner, Carl},
	Journal = {Z. Elektrochemie},
	Pages = {581-591},
	Title = {Theorie der {Alterung} von {Niederschl\"agen} durch {Uml\"osen} ({Ostwald}-{Reifung})},
	Volume = 65,
	Year = 1961}

@article{webster98,
	Author = {Webster, A. J. and Cates, M. E.},
	Date-Added = {2016-08-10 15:06:39 +0000},
	Date-Modified = {2016-08-10 15:06:39 +0000},
	Journal = {Langmuir},
	Pages = {2068--2079},
	Title = {Stabilization of emulsions by trapped species},
	Volume = 14,
	Year = 1998}

@article{wang16,
	Author = {Wang, Chen and Zhong, Xiao and Ruffner, David B. and Stutt, Alexandra and Philips, Laura A. and Ward, Michael D. and Grier, David G.},
	Date-Added = {2016-08-10 15:06:29 +0000},
	Date-Modified = {2016-08-10 15:06:29 +0000},
	Doi = {10.1016/j.xphs.2015.12.018},
	Journal = jpharmsci,
	Lastmodified = 20151218,
	Pages = {1074-1085},
	Title = {Holographic characterization of protein aggregates},
	Version = {protein7c},
	Volume = 105,
	Year = 2016,
	Bdsk-Url-1 = {http://dx.doi.org/10.1016/j.xphs.2015.12.018}}

@article{xiao10a,
	Author = {Xiao, Ke and Grier, David G.},
	Date-Added = {2016-08-10 15:06:29 +0000},
	Date-Modified = {2016-08-10 15:06:29 +0000},
	Doi = {10.1103/PhysRevE.82.051407},
	Journal = pre,
	Lastmodified = 20101003,
	Pages = 051407,
	Title = {Sorting colloidal particles into multiple channels with optical forces: Prismatic optical fractionation},
	Version = {prismatic5c},
	Volume = 82,
	Year = 2010,
	Bdsk-Url-1 = {http://dx.doi.org/10.1103/PhysRevE.82.051407}}

@article{aspnes82,
	Author = {Aspnes, D. E.},
	Date-Added = {2016-08-10 15:06:29 +0000},
	Date-Modified = {2016-08-10 15:06:29 +0000},
	Journal = ajp,
	Pages = {704-709},
	Title = {Local-field effects and effective-medium theory: A microscopic perspective},
	Volume = 50,
	Year = 1982}

@article{fung12,
	Author = {Fung, J. and Perry, R. W. and Dimiduk, T. G. and Manoharan, V. N.},
	Date-Added = {2016-08-10 15:06:29 +0000},
	Date-Modified = {2016-08-10 15:06:29 +0000},
	Journal = jqsrt,
	Pages = {2482-2489},
	Title = {Imaging multiple colloidal particles by fitting electromagnetic scattering solutions to digital holograms},
	Volume = 113,
	Year = 2012}

@article{majolino89,
	Author = {Majolino, D. and Mallamace, F. and Migliardo, P. and Micali, N. and Vasi, C.},
	Date-Added = {2016-08-10 15:06:29 +0000},
	Date-Modified = {2016-08-10 15:06:29 +0000},
	Journal = pra,
	Pages = {4665-4674},
	Title = {Elastic and quasielastic light-scattering studies of the aggregation phenomena in watersolutions of polystyrene particles},
	Volume = 40,
	Year = 1989}

@article{pena09,
	Author = {Pena, O. and Pal, U.},
	Date-Added = {2016-08-10 15:06:29 +0000},
	Date-Modified = {2016-08-10 15:06:29 +0000},
	Journal = {Comp. Phys. Commun.},
	Pages = {2348-2354},
	Title = {Scattering of electromagnetic radiation by a layered sphere},
	Volume = 180,
	Year = 2009}

@article{selmke15,
	Author = {Selmke, Markus},
	Date-Added = {2016-08-10 15:06:29 +0000},
	Date-Modified = {2016-08-10 15:06:29 +0000},
	Journal = jqsrt,
	Pages = {175-183},
	Title = {Mie and potential scattering by a refractive $1/r$ inhomogeneity: Electromagnetic scattering by an infinite {Coulomb}-like scatterer},
	Volume = 162,
	Year = 2015}

@article{sheng06,
	Author = {Sheng, Jian and Malkiel, Edwin and Katz, Joseph},
	Date-Added = {2016-08-10 15:06:29 +0000},
	Date-Modified = {2016-08-10 15:06:29 +0000},
	Journal = ao,
	Number = 16,
	Pages = {3893-3901},
	Title = {Digital holographic microscope for measuring three-dimensional particle distributions and motions},
	Volume = 45,
	Year = 2006}

@article{wu13,
	Author = {Wu, Hua and Lattuada, Marco and Morbidelli, Massimo},
	Date-Added = {2016-08-10 15:06:29 +0000},
	Date-Modified = {2016-08-10 15:06:29 +0000},
	Journal = acis,
	Pages = {41-49},
	Title = {Dependence of fractal dimension of {DLCA} clusters on size of primary particles},
	Volume = {195-196},
	Year = 2013}

@article{yang03,
	Author = {Yang, W.},
	Date-Added = {2016-08-10 15:06:29 +0000},
	Date-Modified = {2016-08-10 15:06:29 +0000},
	Journal = ao,
	Pages = {1710-1720},
	Title = {Improved recursive algorithm for light scattering by a multilayered sphere},
	Volume = 42,
	Year = 2003}

@book{choy99,
	Address = {New York},
	Author = {Choy, Tuck C.},
	Date-Added = {2016-08-10 15:06:29 +0000},
	Date-Modified = {2016-08-10 15:06:29 +0000},
	Publisher = {Oxford University Press},
	Title = {Effective Medium Theory: Principles and Applications},
	Year = 1999}

@book{gouesbet11,
	Address = {Berlin},
	Author = {Gouesbet, Gerard and Gr\'ehan, G\'erard},
	Date-Added = {2016-08-10 15:06:29 +0000},
	Date-Modified = {2016-08-10 15:06:29 +0000},
	Publisher = {Springer-Verlag},
	Title = {Generalized Lorenz-Mie Theories},
	Year = 2011}

@article{meakin88,
	Author = {Meakin, Paul},
	Date-Added = {2016-08-10 15:06:29 +0000},
	Date-Modified = {2016-08-10 15:06:29 +0000},
	Journal = acis,
	Pages = {249-331},
	Title = {Fractal aggregates},
	Volume = 28,
	Year = 1988}

@article{sorensen01,
	Author = {Sorensen, C. M.},
	Date-Added = {2016-08-10 15:06:29 +0000},
	Date-Modified = {2016-08-10 15:06:29 +0000},
	Journal = ast,
	Pages = {648-687},
	Title = {Light scattering by fractal aggregates: A review},
	Volume = 35,
	Year = 2001}

@article{weitz85,
	Author = {Weitz, D. A. and Huang, J. S. and Lin, M. Y. and Sung, J.},
	Date-Added = {2016-08-10 15:06:29 +0000},
	Date-Modified = {2016-08-10 15:06:29 +0000},
	Journal = prl,
	Number = 13,
	Pages = {1416-1419},
	Title = {Limits of the fractal dimension for irreversible kinetic aggregation of gold colloids},
	Volume = 54,
	Year = 1985}

@article{zhou91,
	Author = {Zhou, Zukang and Chu, Benjamin},
	Date-Added = {2016-08-10 15:06:29 +0000},
	Date-Modified = {2016-08-10 15:06:29 +0000},
	Journal = {Physica A},
	Pages = {93-100},
	Title = {Fractal study of polystyrene latex and silica particle aggregates},
	Volume = 177,
	Year = 1991}

@article{costantino94,
	Author = {Costantino, H. R. and Langer, R. and Klibanov, A. M.},
	Date-Added = {2016-08-10 15:06:29 +0000},
	Date-Modified = {2016-08-10 15:06:29 +0000},
	Journal = {Pharm. Res.},
	Pages = {21-29},
	Title = {Moisture-induced aggregation of lyophilized insulin},
	Volume = 11,
	Year = 1994}

@article{omichi14,
	Author = {Omichi, Masaaki and Asano, Atsushi and Tsukuda, Satoshi and Takano, Katsuyoshi and Sugimoto, Masaki and Saeki, Akinori and Sakamaki, Daisuke and Onoda, Akira and Hayashi, Takashi and Seki, Shu},
	Date-Added = {2016-08-10 15:06:29 +0000},
	Date-Modified = {2016-08-10 15:06:29 +0000},
	Journal = {Nature Commun.},
	Pages = 3717,
	Title = {Fabrication of enzyme-degradable and size-controlled protein nanowires using single particle nano-fabrication technique},
	Volume = 5,
	Year = 2014}

@article{crocker96,
	Author = {Crocker, John C. and Grier, David G.},
	Date-Added = {2016-08-10 15:06:29 +0000},
	Date-Modified = {2016-08-10 15:06:29 +0000},
	Doi = {10.1006/jcis.1996.0217},
	Journal = jcis,
	Key = {colloid, image processing, phase transition, interaction, optical tweezer},
	Moddate = 19960311,
	Pages = {298-310},
	Title = {Methods of digital video microscopy for colloidal studies},
	Version = {methods3c},
	Volume = 179,
	Year = 1996,
	Bdsk-Url-1 = {http://dx.doi.org/10.1006/jcis.1996.0217}}

@article{dixon11,
	Author = {Dixon, Lisa and Cheong, Fook Chiong and Grier, David G.},
	Date-Added = {2016-08-10 15:06:29 +0000},
	Date-Modified = {2016-08-10 15:06:29 +0000},
	Doi = {10.1364/OE.19.004393},
	Journal = ox,
	Moddate = 20110211,
	Pages = {4393-4398},
	Title = {Holographic particle-streak velocimetry},
	Version = {velocimetry4c},
	Volume = 19,
	Year = 2011,
	Bdsk-Url-1 = {http://dx.doi.org/10.1364/OE.19.004393}}

@article{yevick14,
	Author = {Yevick, Aaron and Hannel, Mark and Grier, David G.},
	Date-Added = {2016-08-10 15:06:29 +0000},
	Date-Modified = {2016-08-10 15:06:29 +0000},
	Doi = {10.1364/OE.22.026884},
	Journal = ox,
	Moddate = 20140925,
	Pages = {26884-26890},
	Title = {Machine-learning approach to holographic particle characterization},
	Version = {svr9c},
	Volume = 22,
	Year = 2014,
	Bdsk-Url-1 = {http://dx.doi.org/10.1364/OE.22.026884}}

@article{denengelsman11,
	Author = {den Englesman, John and Gandel, Patrick and Smulders, Rondald and Koll, Hans and Smith, Bryan and Bassarab, Stefan and Seidl, Andreas and Hainzl, Otmar and Jiskoot, Wim},
	Date-Added = {2016-08-10 15:06:29 +0000},
	Date-Modified = {2016-08-10 15:06:29 +0000},
	Journal = {Pharm. Res.},
	Pages = {920-933},
	Title = {Strategies for the assessment of protein aggregates in pharmaceutical biotech product development},
	Volume = 28,
	Year = 2011}

@article{fung11,
	Author = {Fung, Jerome and Martin, K. Eric and Perry, Rebecca W. and Kaz, David M. and McGorty, R. and Manoharan, Vinothan N.},
	Date-Added = {2016-08-10 15:06:29 +0000},
	Date-Modified = {2016-08-10 15:06:29 +0000},
	Journal = ox,
	Pages = {8051-8065},
	Title = {Measuring translational, rotational, and vibrational dynamics in colloids with digital holographic microscopy},
	Volume = 19,
	Year = 2011}

@article{perry12,
	Author = {Perry, R. W. and Meng, G. N. and Dimiduk, T. G. and Fung, J. and Manoharan, V. N.},
	Date-Added = {2016-08-10 15:06:29 +0000},
	Date-Modified = {2016-08-10 15:06:29 +0000},
	Journal = fd,
	Pages = {211-234},
	Title = {Real-space studies of the structure and dynamics of self-assembled colloidal clusters},
	Volume = 159,
	Year = 2012}

@techreport{fda14,
	Author = {{\relax Food and Drug Administration}},
	Date-Added = {2016-08-10 15:06:29 +0000},
	Date-Modified = {2016-08-10 15:06:29 +0000},
	Institution = {U.S.~Department of Health and Human Services},
	Month = {August},
	Title = {Guidance for Industry: Immunogenicity Assessment for Therapeutic Protein Products},
	Year = 2014}

@article{carpenter09,
	Author = {Carpenter, John F. and Randolph, Theodore W. and Jiskoot, Wim and Commelin, Daan J. A. and Middaugh, C. Russel and Winter, Gerhard and Fan, Ying-Xin and Kirshner, Susan and Verthelyi, Daniela and Kozlowski, Steven and Clouse, Kathleen A. and Swann, Patrick G. and Rosenberg, Amy and Cherney, Barry},
	Date-Added = {2016-08-10 15:06:29 +0000},
	Date-Modified = {2016-08-10 15:06:29 +0000},
	Journal = {J. Pharm. Sci.},
	Pages = {1201-1205},
	Title = {Overlooking subvisible particles in therapeutic protein products: Gaps that may compromise product quality},
	Volume = 4,
	Year = 2009}

@article{filipe10,
	Author = {Filipe, Vasco and Hawe, Andrea and Jiskoot, Wim},
	Date-Added = {2016-08-10 15:06:29 +0000},
	Date-Modified = {2016-08-10 15:06:29 +0000},
	Journal = {Pharm. Res.},
	Pages = {796-810},
	Title = {Critical evaluation of nanoparticle tracking analysis (NTA) by {NanoSight} for the measurement of nanoparticles and protein aggregates},
	Volume = 27,
	Year = 2010}

@article{maschke06,
	Author = {Maschke, Angelika and Cal\'i, Nadia and Appel, Bernhard and Kiermaier, Josef and Blunk, Torsten and G\"opferich, Achim},
	Date-Added = {2016-08-10 15:06:29 +0000},
	Date-Modified = {2016-08-10 15:06:29 +0000},
	Journal = {Pharm. Res.},
	Number = 9,
	Pages = {2220-2229},
	Title = {Micronization of insulin by high pressure homogenization},
	Volume = 23,
	Year = 2006}

@article{schellekens02,
	Author = {Schellekens, H.},
	Date-Added = {2016-08-10 15:06:29 +0000},
	Date-Modified = {2016-08-10 15:06:29 +0000},
	Journal = {Nat. Rev. Drug Discov.},
	Pages = {457-462},
	Title = {Bioequivalence and the immunogenicity of biopharmaceuticals},
	Volume = 1,
	Year = 2002}

@article{singh10,
	Author = {Singh, Satish K. and Afonina, Nataliya and Awwad, Michel and Bechtold-Peters, Karoline and Blue, Jeffrey T. and Chou, Danny and Cromwell, Mary and Krause Hans-Juergen and Mahler, Hanns-Christian and Meyer, Brian K. and Narhi, Linda and Nesta, Doug P. and Spitznagel, Thomas},
	Date-Added = {2016-08-10 15:06:29 +0000},
	Date-Modified = {2016-08-10 15:06:29 +0000},
	Journal = {J. Pharm. Sci.},
	Pages = {3302-3321},
	Title = {An industry perspective on the monitoring of subvisible particles as a quality attribute for protein therapeutics},
	Volume = 99,
	Year = 2010}

@article{siposova12,
	Author = {Siposova, K. and Kubovcikova, M. and Bednarikova, Z. and Koneracka, M. and Savisova, V. and Antosova, A. and Kopcansky, P. and Daxnerova, Z. and Gazova, Z.},
	Date-Added = {2016-08-10 15:06:29 +0000},
	Date-Modified = {2016-08-10 15:06:29 +0000},
	Journal = {Nanotech.},
	Number = 5,
	Pages = 055101,
	Title = {Depolymerization of insulin amyloid fibrils by albumin-modified magnetic field},
	Volume = 23,
	Year = 2012}

@article{yip98,
	Author = {Yip, Christopher M. and Brader, Mark L. and DeFelippis, Michael R. and Ward, Michael D.},
	Date-Added = {2016-08-10 15:06:29 +0000},
	Date-Modified = {2016-08-10 15:06:29 +0000},
	Journal = bj,
	Pages = {2199-2209},
	Title = {Atomic Force Microscopy of crystalline insulin: the influence of sequence variation and interfacial structure},
	Volume = 74,
	Year = 1998}

@article{yip98a,
	Author = {Yip, Christopher M. and DeFelippis, Michael R. and Frank, Bruce H. and Brader, Mark L. and Ward, Michael D.},
	Date-Added = {2016-08-10 15:06:29 +0000},
	Date-Modified = {2016-08-10 15:06:29 +0000},
	Journal = bj,
	Pages = {1172-1179},
	Title = {Structural and morphological characterization of ultralente insulin crystals by Atomic Force Microscopy: evidence of hydrophobically driven assembly},
	Volume = 75,
	Year = 1998}

@article{becker91,
	Author = {Becker, A. and Schmidt, M.},
	Date-Added = {2016-08-10 15:06:05 +0000},
	Date-Modified = {2016-08-10 15:06:05 +0000},
	Journal = {Macromolecular Symposia},
	Pages = {249-260},
	Title = {Time-resolved, static light scattering: New possibilities in polymer characterization},
	Volume = 50,
	Year = 1991}

@article{goller97,
	Author = {Goller, Michael I. and Obey, Timothy M. and Teare, Declan O. H. and Vincent, Brian and Wegener, Matthias R.},
	Date-Added = {2016-08-10 15:06:05 +0000},
	Date-Modified = {2016-08-10 15:06:05 +0000},
	Journal = csa,
	Pages = {183-193},
	Title = {Inorganic "silicone oil" microgels},
	Volume = {123-124},
	Year = 1997}

@article{lamer50,
	Author = {LaMer, Victor K. and Dinegar, Robert H.},
	Date-Added = {2016-08-10 15:06:05 +0000},
	Date-Modified = {2016-08-10 15:06:05 +0000},
	Journal = jacs,
	Pages = {4847-4854},
	Title = {Theory, production and mechanism of formation of monodispersed hydrosols},
	Volume = 72,
	Year = 1950}

@article{obey94,
	Author = {Obey, Timothy Mark and Vincent, Brian},
	Date-Added = {2016-08-10 15:06:05 +0000},
	Date-Modified = {2016-08-10 15:06:05 +0000},
	Journal = jcis,
	Pages = {454-463},
	Title = {Novel monodisperse``silicone oil'' water emulsions},
	Volume = 163,
	Year = 1994}

@article{philipse88,
	Author = {Philipse, A. P.},
	Date-Added = {2016-08-10 15:06:05 +0000},
	Date-Modified = {2016-08-10 15:06:05 +0000},
	Journal = cps,
	Pages = {1174-1180},
	Title = {Quantitative aspects of the growth of (charged) silica spheres},
	Volume = 266,
	Year = 1988}

@article{saiki07,
	Author = {Saiki, Yasushi and Prestidge, Clive A. and Horn, Roger G.},
	Date-Added = {2016-08-10 15:06:05 +0000},
	Date-Modified = {2016-08-10 15:06:05 +0000},
	Journal = csa,
	Pages = {65-72},
	Title = {Effects of droplet deformability on emulsion rheology},
	Volume = 299,
	Year = 2007}

@book{silverman92,
	Address = {New York},
	Author = {Silverman, Bernard W.},
	Date-Added = {2016-08-10 15:06:05 +0000},
	Date-Modified = {2016-08-10 15:06:05 +0000},
	Publisher = {Chapman \& Hall},
	Title = {Density Estimation for Statistics and Data Analysis},
	Year = 1992}

@article{cheong10a,
	Author = {Cheong, Fook Chiong and Krishnatreya, Bhaskar Jyoti and Grier, David G.},
	Date-Added = {2016-08-10 15:06:05 +0000},
	Date-Modified = {2016-08-10 15:06:05 +0000},
	Doi = {10.1364/OE.18.013563},
	Journal = ox,
	Moddate = 20100608,
	Pages = {13563-13573},
	Title = {Strategies for three-dimensional particle tracking with holographic video microscopy},
	Version = {rslm5c},
	Volume = 18,
	Year = 2010,
	Bdsk-Url-1 = {http://dx.doi.org/10.1364/OE.18.013563}}

@article{cheong11,
	Author = {Cheong, Fook Chiong and Xiao, Ke and Pine, David J. and Grier, David G.},
	Date-Added = {2016-08-10 15:06:05 +0000},
	Date-Modified = {2016-08-10 15:06:05 +0000},
	Doi = {10.1039/C1SM05577A},
	Journal = {Soft Matter},
	Moddate = 20110402,
	Pages = {6816-6819},
	Title = {Holographic characterization of individual colloidal spheres' porosities},
	Version = {porosity8c},
	Volume = 7,
	Year = 2011,
	Bdsk-Url-1 = {http://dx.doi.org/10.1039/C1SM05577A}}

@article{krishnatreya14,
	Author = {Krishnatreya, Bhaskar Jyoti and Colen-Landy, Arielle and Hasebe, Paige and Bell, Breanna A. and Jones, Jasmine R. and Sunda-Meya, Anderson and Grier, David G.},
	Date-Added = {2016-08-10 15:06:05 +0000},
	Date-Modified = {2016-08-10 15:06:05 +0000},
	Doi = {10.1119/1.4827275},
	Journal = ajp,
	Moddate = 20130717,
	Pages = {23-31},
	Title = {Measuring Boltzmann's constant through holographic video microscopy of a single sphere},
	Version = {boltzmann4c},
	Volume = {82},
	Year = 2014,
	Bdsk-Url-1 = {http://dx.doi.org/10.1119/1.4827275}}

@article{lee07a,
	Author = {Lee, Sang-Hyuk and Roichman, Yohai and Yi, Gi-Ra and Kim, Shin-Hyun and Yang, Seung-Man and van Blaaderen, Alfons and van Oostrum, Peter and Grier, David G.},
	Date-Added = {2016-08-10 15:06:05 +0000},
	Date-Modified = {2016-08-10 15:06:05 +0000},
	Doi = {10.1364/OE.15.018275},
	Eprint = {0712.1738},
	Journal = ox,
	Key = {cgh, hot, dhm, microscopy},
	Moddate = 20071209,
	Pages = {18275-18282},
	Title = {Characterizing and tracking single colloidal particles with video holographic microscopy},
	Version = {index12c},
	Volume = 15,
	Year = 2007,
	Bdsk-Url-1 = {http://dx.doi.org/10.1364/OE.15.018275}}

@article{moyses13,
	Author = {Moyses, Henrique and Krishnatreya, Bhaskar Jyoti and Grier, David G.},
	Date-Added = {2016-08-10 15:06:05 +0000},
	Date-Modified = {2016-08-10 15:06:05 +0000},
	Doi = {10.1364/OE.21.005968},
	Journal = ox,
	Moddate = 20130227,
	Pages = {5968-5973},
	Title = {Robustness of holographic video microscopy against defects in illumination},
	Version = {divergence8c},
	Volume = 21,
	Year = 2013,
	Bdsk-Url-1 = {http://dx.doi.org/10.1364/OE.21.005968}}

@article{xiao10,
	Author = {Xiao, Ke and Grier, David G.},
	Date-Added = {2016-08-10 15:06:05 +0000},
	Date-Modified = {2016-08-10 15:06:05 +0000},
	Doi = {10.1103/PhysRevLett.104.028302},
	Journal = prl,
	Moddate = 20091216,
	Pages = 028302,
	Title = {Multidimensional optical fractionation with holographic verification},
	Version = {hvmfractionation6c},
	Volume = 104,
	Year = 2010,
	Bdsk-Url-1 = {http://dx.doi.org/10.1103/PhysRevLett.104.028302}}

@article{vacassy00,
	Author = {Vacassy, R. and Flatt, R. J. and Choi, K. S. and Singh, R. K.},
	Date-Added = {2016-08-10 15:06:05 +0000},
	Date-Modified = {2016-08-10 15:06:05 +0000},
	Journal = jcis,
	Pages = {302-315},
	Title = {Synthesis of microporous silica spheres},
	Volume = 227,
	Year = 2000}

@article{sharma15,
	Author = {Sharma, Deepak K. and King, Dave and Oma, Peter and Merchant, Clark},
	Date-Modified = {2016-08-19 18:38:55 +0000},
	Journal = {AAPS J.},
	Number = {3},
	Pages = {455-464},
	Title = {Micro-flow Imaging: Flow Microscopy Applied to Sub-visible Particulate Analysis in Protein Formulations},
	Volume = {12},
	Year = 2015,
	Bdsk-Url-1 = {http://dx.doi.org/10.1208/s12248-010-9205-1}}

@article{zolls13,
	Author = {Sarah Z{\"o}lls and Manuel Gregoritza and Ruedeeporn Tantipolphan and Michael Wiggenhorn and Gerhard Winter and Wolfgang Friess and Andrea Hawe},
	Doi = {http://dx.doi.org/10.1002/jps.23479},
	Issn = {0022-3549},
	Journal = jpharmsci,
	Number = {5},
	Pages = {1434-1446},
	Title = {How subvisible particles become invisible---relevance of the refractive index for protein particle analysis},
	Url = {http://www.sciencedirect.com/science/article/pii/S0022354915311059},
	Volume = {102},
	Year = {2013},
	Bdsk-Url-1 = {http://www.sciencedirect.com/science/article/pii/S0022354915311059},
	Bdsk-Url-2 = {http://dx.doi.org/10.1002/jps.23479}}

@article{demeule10,
	Author = {Demeule, Barth{\'e}lemy and Messick, Steven and Shire, Steven J. and Liu, Jun},
	Doi = {10.1208/s12248-010-9233-x},
	Issn = {1550-7416},
	Journal = {AAPS J.},
	Number = {4},
	Pages = {708-715},
	Title = {Characterization of particles in protein solutions: reaching the limits of current technologies},
	Url = {http://dx.doi.org/10.1208/s12248-010-9233-x},
	Volume = {12},
	Year = {2010},
	Bdsk-Url-1 = {http://dx.doi.org/10.1208/s12248-010-9233-x}}

@article{weinbuch13,
	Author = {Daniel Weinbuch and Sarah Z{\"o}lls and Michael Wiggenhorn and Wolfgang Friess and Gerhard Winter and Wim Jiskoot and Andrea Hawe},
	Doi = {http://dx.doi.org/10.1002/jps.23552},
	Issn = {0022-3549},
	Journal = jpharmsci,
	Number = {7},
	Pages = {2152 - 2165},
	Title = {Micro--flow imaging and resonant mass measurement (Archimedes) -- complementary methods to quantitatively differentiate protein particles and silicone oil droplets},
	Url = {http://www.sciencedirect.com/science/article/pii/S0022354915310212},
	Volume = {102},
	Year = {2013},
	Bdsk-Url-1 = {http://www.sciencedirect.com/science/article/pii/S0022354915310212},
	Bdsk-Url-2 = {http://dx.doi.org/10.1002/jps.23552}}

@article{gouesbet10,
	Author = {Gouesbet, Gerard},
	Journal = {Optics Communications},
	Number = 4,
	Pages = {517-521},
	Title = {T-matrix formulation and generalized Lorenz--Mie theories in spherical coordinates},
	Volume = 283,
	Year = 2010}

@book{barber90,
	Author = {Barber, Peter W. and Hill, Steven C.},
	Isbn = {9971508133},
	Publisher = {World Scientific},
	Title = {Light scattering by particles: computational methods},
	Url = {http://trove.nla.gov.au/work/6145268},
	Year = {1990},
	Bdsk-Url-1 = {http://trove.nla.gov.au/work/6145268}}

@book{mishchenko14,
	Author = {Mishchenko, Michael I.},
	Publisher = {Cambridge University Press},
	Title = {Electromagnetic Scattering by Particles and Particle Groups},
	Year = {2014}}

@incollection{more78,
	Author = {Mor{\'e}, Jorge J},
	Booktitle = {Numerical analysis},
	Pages = {105--116},
	Publisher = {Springer},
	Title = {The Levenberg-Marquardt algorithm: implementation and theory},
	Year = {1978}}

@article{markwardt09,
	Author = {Markwardt, Craig B},
	Journal = {arXiv preprint arXiv:0902.2850},
	Title = {Non-linear least squares fitting in IDL with MPFIT},
	Year = {2009}}

@article{duda72,
	Acmid = {361242},
	Address = {New York, NY, USA},
	Author = {Duda, Richard O. and Hart, Peter E.},
	Doi = {10.1145/361237.361242},
	Issn = {0001-0782},
	Issue_Date = {Jan. 1972},
	Journal = {Commun. ACM},
	Month = jan,
	Number = {1},
	Numpages = {5},
	Pages = {11--15},
	Publisher = {ACM},
	Title = {Use of the Hough Transformation to Detect Lines and Curves in Pictures},
	Url = {http://doi.acm.org/10.1145/361237.361242},
	Volume = {15},
	Year = {1972},
	Bdsk-Url-1 = {http://doi.acm.org/10.1145/361237.361242},
	Bdsk-Url-2 = {http://dx.doi.org/10.1145/361237.361242}}

@article{cheong09a,
	Author = {Cheong, Fook Chiong and Duarte, Simone and Lee, Sang-Hyuk and Grier, David G.},
	Doi = {10.1007/s00397-008-0320-1},
	Issn = {1435-1528},
	Journal = {Rheologica Acta},
	Number = {1},
	Pages = {109--115},
	Title = {Holographic microrheology of polysaccharides from Streptococcus mutans biofilms},
	Url = {http://dx.doi.org/10.1007/s00397-008-0320-1},
	Volume = {48},
	Year = {2009},
	Bdsk-Url-1 = {http://dx.doi.org/10.1007/s00397-008-0320-1}}

@inproceedings{owens07,
	Author = {Owens, John D. and Luebke, David and Govindaraju, Naga and Harris, Mark and Kr{\"u}ger, Jens and Lefohn, Aaron E. and Purcell, Timothy J.},
	Booktitle = {Computer graphics forum},
	Number = {1},
	Organization = {Wiley Online Library},
	Pages = {80--113},
	Title = {A survey of general-purpose computation on graphics hardware},
	Volume = {26},
	Year = {2007}}

@article{messmer08,
	Author = {Messmer, Peter and Mullowney, Paul J. and Granger, Brian E.},
	Journal = {Computing in Science and Engineering},
	Number = {5},
	Pages = {70--73},
	Title = {GPULib: GPU Computing in High-Level Languages.},
	Volume = {10},
	Year = {2008}}

@article{bruggeman35,
	Author = {Bruggeman, Von D. A. G.},
	Journal = {Annalen der physik},
	Number = {7},
	Pages = {636--664},
	Publisher = {Wiley Online Library},
	Title = {Berechnung verschiedener physikalischer Konstanten von heterogenen Substanzen. I. Dielektrizit{\"a}tskonstanten und Leitf{\"a}higkeiten der Mischk{\"o}rper aus isotropen Substanzen},
	Volume = {416},
	Year = {1935}}

@article{garnett1906,
	Author = {Garnett, J. C. Maxwell},
	Journal = {Philosophical Transactions of the Royal Society of London. Series A},
	Pages = {237--288},
	Publisher = {JSTOR},
	Title = {Colours in metal glasses, in metallic films, and in metallic solutions. II},
	Volume = {205},
	Year = {1906}}

@article{garnett1904,
	Author = {Garnett, J. C. Maxwell},
	Journal = {Philosophical Transactions of the Royal Society of London. Series A},
	Pages = {385--420},
	Publisher = {JSTOR},
	Title = {Colours in Metal Glasses and in Metallic Films},
	Volume = {203},
	Year = {1904}}

@book{jackson75,
	Author = {Jackson, John David},
	Publisher = {Wiley Online Library},
	Title = {Electrodynamics},
	Year = {1975}}

@article{draine94,
	Author = {Draine, Bruce T. and Flatau, Piotr J.},
	Journal = {Journal of the Optical Society of America A},
	Number = {4},
	Pages = {1491--1499},
	Publisher = {Optical Society of America},
	Title = {Discrete-dipole approximation for scattering calculations},
	Volume = {11},
	Year = {1994}}

@article{mishchenko96,
	Author = {Mishchenko, Michael I and Travis, Larry D and Mackowski, Daniel W},
	Journal = {Journal of Quantitative Spectroscopy and Radiative Transfer},
	Number = {5},
	Pages = {535--575},
	Publisher = {Elsevier},
	Title = {T-matrix computations of light scattering by nonspherical particles: a review},
	Volume = {55},
	Year = {1996}}

@article{waterman65,
	Author = {Waterman, PC},
	Journal = {Proceedings of the IEEE},
	Number = {8},
	Pages = {805--812},
	Publisher = {IEEE},
	Title = {Matrix formulation of electromagnetic scattering},
	Volume = {53},
	Year = {1965}}

@article{markel16,
	Author = {Markel, Vadim A},
	Journal = {Journal of the Optical Society of America A},
	Number = {7},
	Pages = {1244--1256},
	Publisher = {Optical Society of America},
	Title = {Introduction to the Maxwell Garnett approximation: tutorial},
	Volume = {33},
	Year = {2016}}

@article{einstein1910,
	Author = {Einstein, Albert},
	Journal = {Annalen der Physik},
	Number = {16},
	Pages = {1275--1298},
	Publisher = {Wiley Online Library},
	Title = {Theorie der Opaleszenz von homogenen Fl{\"u}ssigkeiten und Fl{\"u}ssigkeitsgemischen in der N{\"a}he des kritischen Zustandes},
	Volume = {338},
	Year = {1910}}

@article{silebi89,
	Author = {Silebi, CA and DosRamos, JG},
	Journal = jcis,
	Number = {1},
	Pages = {14--24},
	Publisher = {Elsevier},
	Title = {Separation of submicrometer particles by capillary hydrodynamic fractionation (CHDF)},
	Volume = {130},
	Year = {1989}}

@article{reiss50,
	Author = {Reiss, Howard and La Mer, Victor K},
	Journal = jcp,
	Number = {1},
	Pages = {1--12},
	Publisher = {AIP},
	Title = {Diffusional boundary value problems involving moving boundaries, connected with the growth of colloidal particles},
	Volume = {18},
	Year = {1950}}

@article{reiss51,
	Author = {Reiss, Howard},
	Journal = jcp,
	Number = {4},
	Pages = {482--487},
	Publisher = {AIP},
	Title = {The growth of uniform colloidal dispersions},
	Volume = {19},
	Year = {1951}}

@inproceedings{liotta97,
	Author = {Liotta, Vincenzo and Georgakis, Christos and El-Aasser, Mohamed S},
	Booktitle = {American Control Conference, 1997. Proceedings of the 1997},
	Organization = {IEEE},
	Pages = {1172--1176},
	Title = {Real-time estimation and control of particle size in semi-batch emulsion polymerization},
	Volume = {2},
	Year = {1997}}

@article{stober68,
	Author = {St{\"o}ber, Werner and Fink, Arthur and Bohn, Ernst},
	Journal = jcis,
	Number = {1},
	Pages = {62--69},
	Publisher = {Elsevier},
	Title = {Controlled growth of monodisperse silica spheres in the micron size range},
	Volume = {26},
	Year = {1968}}

@article{overbeek82,
	Author = {Overbeek, J Th G},
	Journal = acis,
	Number = {3-4},
	Pages = {251--277},
	Publisher = {Elsevier},
	Title = {Monodisperse colloidal systems, fascinating and useful},
	Volume = {15},
	Year = {1982}}

@article{murray95,
	Author = {Murray, M. J. and Snowden, M. J.},
	Journal = acis,
	Pages = {73--91},
	Publisher = {Elsevier},
	Title = {The preparation, characterisation and applications of colloidal microgels},
	Volume = {54},
	Year = {1995}}

@article{ashkin86,
	Author = {Ashkin, Arthur and Dziedzic, J. M. and Bjorkholm, J. E. and Chu, Steven},
	Journal = {Optics Letters},
	Number = {5},
	Pages = {288--290},
	Publisher = {Optical Society of America},
	Title = {Observation of a single-beam gradient force optical trap for dielectric particles},
	Volume = {11},
	Year = {1986}}

@article{ashkin87,
	Author = {Ashkin, Arthur and Dziedzic, J. M.},
	Journal = {Science},
	Number = 4795,
	Pages = {1517-1520},
	Title = {Optical trapping and manipulation of viruses and bacteria},
	Volume = 235,
	Year = 1987}

@article{ashkin87a,
	Author = {Ashkin, Arthur and Dziedzic, J. M. and Yamane, T.},
	Journal = {Nature},
	Number = 6149,
	Pages = {608-609},
	Title = {Optical trapping and manipulation of single cells using infrared-laser beams},
	Volume = 330,
	Year = 1987}

@article{svoboda93,
	Author = {Svoboda, K. and Schmidt, C. F. and Schnapp, B. J. and Block, S. M.},
	Journal = {Nature},
	Number = 6448,
	Pages = {721-727},
	Title = {Direct observation of kinesin stepping by optical trapping interferometry},
	Volume = 365,
	Year = 1993}

@article{svoboda94,
	Author = {Svoboda, K. and Block, S. M.},
	Journal = {Annual Review of Biophysics and Biomolecular Structure},
	Pages = {247-285},
	Title = {Biological applications of optical forces},
	Volume = 23,
	Year = 1994}

@article{warrick93,
	Author = {Warrick, H. M. and Simmons, R. M. and Finer, J.~T. and Uyeda, T.~Q.~P. and Chu, Steven and Spudich, J.~A.},
	Journal = {Methods in Cell Biology},
	Pages = {1-21},
	Title = {In-vitro methods for measuring force and velocity of the actin-myosin interaction using purified proteins},
	Volume = 39,
	Year = 1993}

@article{finer94,
	Author = {Finer, J.~T. and Simmons, R.~M. and Spudich, J.~A.},
	Journal = {Nature},
	Number = 6467,
	Pages = {113-119},
	Title = {Single myosin molecule mechanics -- Piconewton forces and nanometer steps},
	Volume = 368,
	Year = 1994}

@article{chu86,
	Author = {Chu, Steven and Bjorkholm, J. E. and Ashkin, A. and Cable, A.},
	Journal = prl,
	Pages = {314-317},
	Title = {Experimental observation of optically trapped atoms},
	Volume = 57,
	Year = 1986}

@article{dinsmore96,
	Author = {Dinsmore, A.~D. and Yodh, A.~G. and Pine, D.~J.},
	Journal = {Nature},
	Number = 6597,
	Pages = {239-242},
	Title = {Entropic control of particle motion using passive surface microstructures},
	Volume = 383,
	Year = 1996}

@article{crocker94,
	Author = {Crocker, John C and Grier, David G},
	Journal = prl,
	Number = {2},
	Pages = {352},
	Publisher = {APS},
	Title = {Microscopic measurement of the pair interaction potential of charge-stabilized colloid},
	Volume = {73},
	Year = {1994}}

@article{terray02,
	Author = {Terray, Alex and Oakey, John and Marr, David WM},
	Journal = {Science},
	Number = {5574},
	Pages = {1841--1844},
	Publisher = {American Association for the Advancement of Science},
	Title = {Microfluidic control using colloidal devices},
	Volume = {296},
	Year = {2002}}

@article{terray02a,
	Author = {Terray, Alex and Oakey, John and Marr, David WM},
	Journal = {Applied Physics Letters},
	Number = {9},
	Pages = {1555--1557},
	Publisher = {AIP},
	Title = {Fabrication of linear colloidal structures for microfluidic applications},
	Volume = {81},
	Year = {2002}}

@article{yevick16,
	Author = {Yevick, Aaron and Ruffner, David B and Grier, David G},
	Journal = {Physical Review A},
	Number = {4},
	Pages = {043807},
	Publisher = {APS},
	Title = {Tractor beams in the Rayleigh limit},
	Volume = {93},
	Year = {2016}}

@article{ruffner13,
	Author = {Ruffner, David B and Grier, David G},
	Journal = prl,
	Number = {5},
	Pages = {059301},
	Publisher = {APS},
	Title = {Comment on ``Scattering forces from the curl of the spin angular momentum of a light field''},
	Volume = {111},
	Year = {2013}}

@article{roichman08,
	Author = {Roichman, Yohai and Sun, Bo and Roichman, Yael and Amato-Grill, Jesse and Grier, David G},
	Journal = prl,
	Number = {1},
	Pages = {013602},
	Publisher = {APS},
	Title = {Optical forces arising from phase gradients},
	Volume = {100},
	Year = {2008}}

@article{yevick17,
	Author = {Yevick, Aaron and Evans, Daniel J and Grier, David G},
	Journal = {Phil. Trans. R. Soc. A},
	Number = {2087},
	Pages = {20150432},
	Publisher = {The Royal Society},
	Title = {Photokinetic analysis of the forces and torques exerted by optical tweezers carrying angular momentum},
	Volume = {375},
	Year = {2017}}

@article{ashkin92,
	Author = {Ashkin, Arthur},
	Journal = {Biophysical Journal},
	Number = {2},
	Pages = {569--582},
	Publisher = {Elsevier},
	Title = {Forces of a single-beam gradient laser trap on a dielectric sphere in the ray optics regime},
	Volume = {61},
	Year = {1992}}

@article{dufresne01,
	Author = {Dufresne, Eric R and Spalding, Gabriel C and Dearing, Matthew T and Sheets, Steven A and Grier, David G},
	Journal = {Review of Scientific Instruments},
	Number = {3},
	Pages = {1810--1816},
	Publisher = {AIP},
	Title = {Computer-generated holographic optical tweezer arrays},
	Volume = {72},
	Year = {2001}}

@book{goodman05,
	Author = {Goodman, Joseph W},
	Publisher = {Roberts and Company Publishers},
	Title = {Introduction to Fourier optics},
	Year = {2005}}

@article{sharma10,
	Author = {Sharma, Deepak K and King, Dave and Oma, Peter and Merchant, Clark},
	Journal = {The AAPS journal},
	Number = {3},
	Pages = {455--464},
	Publisher = {Springer},
	Title = {Micro-flow imaging: flow microscopy applied to sub-visible particulate analysis in protein formulations},
	Volume = {12},
	Year = {2010}}

@article{zolls13a,
	Author = {Z{\"o}lls, Sarah and Weinbuch, Daniel and Wiggenhorn, Michael and Winter, Gerhard and Friess, Wolfgang and Jiskoot, Wim and Hawe, Andrea},
	Journal = {The AAPS journal},
	Number = {4},
	Pages = {1200--1211},
	Publisher = {Springer},
	Title = {Flow imaging microscopy for protein particle analysis---A comparative evaluation of four different analytical instruments},
	Volume = {15},
	Year = {2013}}

@article{dixon11a,
	Author = {Dixon, Lisa and Cheong, Fook Chiong and Grier, David G},
	Journal = {Optics Express},
	Number = {17},
	Pages = {16410--16417},
	Publisher = {Optical Society of America},
	Title = {Holographic deconvolution microscopy for high-resolution particle tracking},
	Volume = {19},
	Year = {2011}}

@article{cheong10,
	Author = {Cheong, Fook Chiong and Grier, David G},
	Journal = {Optics Express},
	Number = {7},
	Pages = {6555--6562},
	Publisher = {Optical Society of America},
	Title = {Rotational and translational diffusion of copper oxide nanorods measured with holographic video microscopy},
	Volume = {18},
	Year = {2010}}

@article{feder84,
	Author = {Feder, Jens and J{\o}ssang, Torstein and Rosenqvist, Einar},
	Journal = prl,
	Number = {15},
	Pages = {1403},
	Publisher = {APS},
	Title = {Scaling behavior and cluster fractal dimension determined by light scattering from aggregating proteins},
	Volume = {53},
	Year = {1984}}

@article{wang16a,
  title={Holographic characterization of colloidal fractal aggregates},
  author={Wang, Chen and Cheong, Fook Chiong and Ruffner, David B and Zhong, Xiao and Ward, Michael D and Grier, David G},
  journal={Soft Matter},
  volume={12},
  number={42},
  pages={8774--8780},
  year={2016},
  publisher={Royal Society of Chemistry}}
  
@book{silverman86,
  title={Density estimation for statistics and data analysis},
  author={Silverman, Bernard W},
  volume={26},
  year={1986},
  publisher={CRC press}}
  
@book{taylor97,
  title={Introduction to error analysis, the study of uncertainties in physical measurements},
  author={Taylor, John},
  year={1997}}
  
@article{roberts07,
  title={Non-native protein aggregation kinetics},
  author={Roberts, Christopher J},
  journal={Biotechnology and bioengineering},
  volume={98},
  number={5},
  pages={927--938},
  year={2007},
  publisher={Wiley Online Library}
}

@article{schaefer84,
  title={Fractal geometry of colloidal aggregates},
  author={Schaefer, Dale W and Martin, James E and Wiltzius, Pierre and Cannell, David S},
  journal=prl,
  volume={52},
  number={26},
  pages={2371},
  year={1984},
  publisher={APS}
}

@article{chaumet00,
  title={Time-averaged total force on a dipolar sphere in an electromagnetic field},
  author={Chaumet, PC and Nieto-Vesperinas, M},
  journal={Optics Letters},
  volume={25},
  number={15},
  pages={1065--1067},
  year={2000},
  publisher={Optical Society of America}
}