% Journal Abbreviations.
@string{acis = {Adv. Colloid Interface Sci.}}
@string{ajp = {Am. J. Phys.}}
@string{ao = {Appl. Opt.}}
@string{apl = {Appl. Phys. Lett.}}
@string{ast = {Aerosol Sci. Tech.}}
@string{bj = {Biophys. J.}}
@string{cps = {Colloid Polymer Sci.}}
@string{csa = {Colloids Surfaces A}}
@string{fd = {Faraday Discuss.}}
@string{jacs = {J. Am. Chem. Soc.}}
@string{jcis = {J. Colloid Interface Sci.}}
@string{jcp = {J. Chem. Phys.}}
@string{josaa = {J. Opt. Soc. Am. A} }
@string{jpcb = {J. Phys. Chem. B}}
@string{jpcs = {J. Phys. Chem. Solids}}
@string{jpharmsci = {J. Pharm. Sci.}}
@string{jqsrt = {J. Quant. Spectr. Rad. Trans.}}
@string{natcomm	= {Nature Commun.} }
@string{ox = {Opt. Express}}
@string{pnas = {Proc. Natl. Acad. Sci. U.S.A.}}
@string{pra = {Phys. Rev. A}}
@string{pre = {Phys. Rev. E}}
@string{prl = {Phys. Rev. Lett.}}
@string{rsi = {Rev. Sci. Instrum.}}
