@STRING{ajp	= {Am. J. Phys.} }
@STRING{apl	= {Appl. Phys. Lett.} }
@STRING{fd	= {Faraday Discuss.} }
@STRING{jacs	= {J. Am. Chem. Soc.} }
@STRING{jcis	= {J. Colloid Interface Sci.} }
@STRING{josaa	= {J. Opt. Soc. Am. A} }
@STRING{jqsrt	= {J. Quant. Spectr. Rad. Trans.} }
@STRING{natcomm	= {Nature Commun.} }
@STRING{ox	= {Opt. Express} }
@STRING{pre	= {Phys. Rev. E} }
@STRING{rsi	= {Rev. Sci. Instrum.} }

@Article{	  cheong09,
  author	= {Cheong, Fook Chiong and Sun, Bo and Dreyfus, R\'emi and
		  Amato-Grill, Jesse and Xiao, Ke and Dixon, Lisa and Grier,
		  David G.},
  title		= {Flow visualization and flow cytometry with holographic
		  video microscopy},
  journal	= ox,
  year		= 2009,
  volume	= 17,
  pages		= {13071-13079},
  moddate	= 20090707,
  version	= {gpu10c},
  doi		= {10.1364/OE.17.013071}
}

@Article{	  cheong10a,
  author	= {Cheong, Fook Chiong and Krishnatreya, Bhaskar Jyoti and
		  Grier, David G.},
  title		= {Strategies for three-dimensional particle tracking with
		  holographic video microscopy},
  journal	= ox,
  year		= 2010,
  volume	= 18,
  pages		= {13563-13573},
  moddate	= 20100608,
  version	= {rslm5c},
  doi		= {10.1364/OE.18.013563}
}

@Article{	  dixon11,
  author	= {Dixon, Lisa and Cheong, Fook Chiong and Grier, David G.},
  title		= {Holographic particle-streak velocimetry},
  journal	= ox,
  year		= 2011,
  volume	= 19,
  pages		= {4393-4398},
  moddate	= 20110211,
  version	= {velocimetry4c},
  doi		= {10.1364/OE.19.004393}
}

@Article{	  dufresne98,
  key		= {hot, optical tweezer, colloid},
  author	= {Dufresne, Eric R. and Grier, David G.},
  title		= {Optical tweezer arrays and optical substrates created with
		  diffractive optical elements},
  journal	= rsi,
  pages		= {1974-1977},
  year		= 1998,
  volume	= 69,
  number	= 5,
  moddate	= 19980131,
  version	= {hexa6c},
  doi		= {10.1063/1.1148883}
}

@Article{	  grier03,
  author	= {Grier, David G.},
  title		= {A revolution in optical manipulation},
  journal	= {Nature},
  year		= 2003,
  key		= {hot, optical tweezer, optical vortex, MEMS},
  volume	= 424,
  number	= 6950,
  pages		= {810-816},
  moddate	= 20030515,
  version	= {nreview2c},
  doi		= {10.1038/nature01935}
}

@Article{	  krishnatreya14,
  author	= {Krishnatreya, Bhaskar Jyoti and Colen-Landy, Arielle and
		  Hasebe, Paige and Bell, Breanna A. and Jones, Jasmine R.
		  and Sunda-Meya, Anderson and Grier, David G.},
  title		= {Measuring {Boltzmann}'s constant through holographic video
		  microscopy of a single sphere},
  journal	= ajp,
  year		= 2014,
  volume	= {82},
  pages		= {23-31},
  moddate	= 20130717,
  version	= {boltzmann4c},
  doi		= {10.1119/1.4827275}
}

@Article{	  krishnatreya14a,
  author	= {Krishnatreya, Bhaskar Jyoti and Grier, David G.},
  title		= {Fast feature identification for holographic tracking: The
		  orientation alignment transform},
  journal	= ox,
  year		= 2014,
  volume	= 22,
  pages		= {12773-12778},
  moddate	= 20140313,
  version	= {circle5c},
  doi		= {10.1364/OE.22.012773}
}

@Article{	  lee07,
  author	= {Lee, Sang-Hyuk and Grier, David G},
  title		= {Holographic microscopy of holographically trapped
		  three-dimensional structures},
  journal	= ox,
  year		= 2007,
  key		= {cgh, hot, microscopy},
  volume	= 15,
  pages		= {1505-1512},
  version	= {hotmicroscopy2c},
  moddate	= 20070211,
  doi		= {10.1364/OE.15.001505}
}

@Article{	  lee07a,
  author	= {Lee, Sang-Hyuk and Roichman, Yohai and Yi, Gi-Ra and Kim,
		  Shin-Hyun and Yang, Seung-Man and van Blaaderen, Alfons and
		  van Oostrum, Peter and Grier, David G.},
  title		= {Characterizing and tracking single colloidal particles
		  with video holographic microscopy},
  journal	= ox,
  year		= 2007,
  key		= {cgh, hot, dhm, microscopy},
  volume	= 15,
  pages		= {18275-18282},
  version	= {index12c},
  eprint	= {0712.1738},
  moddate	= 20071209,
  doi		= {10.1364/OE.15.018275}
}

@Article{	  moyses13,
  author	= {Moyses, Henrique and Krishnatreya, Bhaskar Jyoti and
		  Grier, David G.},
  title		= {Robustness of holographic video microscopy against defects
		  in illumination},
  journal	= ox,
  year		= 2013,
  volume	= 21,
  pages		= {5968-5973},
  moddate	= 20130227,
  version	= {divergence8c},
  doi		= {10.1364/OE.21.005968}
}

@Article{	  phillips14,
  author	= {Phillips, Carolyn L. and Jankowski, Eric and Krishnatreya,
		  Bhaskar Jyoti and Edmond, Kazem V. and Sacanna, Stefano and
		  Grier, David G. and Pine, David J. and Glotzer, Sharon C.},
  title		= {Digital colloids: Reconfigurable clusters as high
		  information density elements},
  journal	= {Soft Matter},
  year		= 2014,
  volume	= 10,
  pages		= {7395-7670},
  moddate	= 20140619,
  version	= {phillips14.pdf},
  doi		= {10.1039/C4SM00796D}
}

@Article{	  shpaisman12,
  author	= {Shpaisman, Hagay and Krishnatreya, Bhaskar Jyoti and
		  Grier, David G.},
  title		= {Holographic microrefractometer},
  journal	= apl,
  year		= 2012,
  volume	= 101,
  pages		= 091102,
  version	= {refractometer3c},
  moddate	= 20120314,
  doi		= {10.1063/1.4747168}
}

@Article{	  ashton13,
  author	= {Ashton, Douglas J. and Jack, Robert L. and Wilding, Nigel
		  B.},
  title		= {Self-assembly of colloidal polymers via depletion-mediated
		  lock and key binding},
  journal	= {Soft Matter},
  year		= 2013,
  volume	= 9,
  pages		= {9661-9666}
}

@Book{		  bohren83,
  author	= {Bohren, Craig F. and Huffman, Donald R.},
  title		= {Absorption and Scattering of Light by Small Particles},
  publisher	= {Wiley Interscience},
  year		= 1983,
  address	= {New York}
}

@Article{	  chang64,
  author	= {Chang, Thomas M. S.},
  title		= {Semipermeable microcapsules},
  journal	= {Science},
  year		= 1964,
  volume	= 146,
  number	= 3643,
  pages		= {524-525}
}

@Article{	  chaturvedi12,
  author	= {Chaturvedi, Neetu and Juluri, Bala Krishna and Hao,
		  Qingzhen and Huang, Tony Jun and Velegol, Darrel},
  title		= {Simple fabrication of snowman-like colloids},
  journal	= jcis,
  year		= 2012,
  volume	= 371,
  pages		= {28-33}
}

@Article{	  dai13,
  author	= {Dai, Mingdong and Song, Linyong and Nie, Wangyan and Zhou,
		  Yifeng},
  title		= {Golf ball-like particles fabricated by
		  nonsolvent/solvent-induced phase separation method},
  journal	= jcis,
  year		= 2013,
  volume	= 391,
  pages		= {168-171}
}

@Article{	  jose14,
  author	= {Jose, Jissy and Kamp, Marious and van Blaaderen, Alfons
		  and Imhof, Arnout},
  title		= {Unloading and reloading microcapsules with apolar
		  solutions by controlled and reversible buckling},
  journal	= {Langmuir},
  year		= 2014,
  volume	= 30,
  pages		= {2385-2393}
}

@Article{	  knoche11,
  author	= {Knoche, Sebastian and Kierfeld, Jan},
  title		= {Buckling of spherical capsules},
  journal	= pre,
  year		= 2011,
  volume	= 84,
  pages		= 046608
}

@Article{	  macfarlane10,
  author	= {Macfarlane, Robert, J. and Mirkin, Chad A.},
  title		= {Colloidal assembly via shape complementarity},
  journal	= {ChemPhysChem},
  year		= 2010,
  volume	= 11,
  pages		= {3215-3217}
}

@Article{	  sacanna10,
  author	= {Sacanna, Stefano and Irvine, William T. M. and Chaikin,
		  Paul M. and Pine, David J.},
  title		= {Lock and key colloids},
  journal	= {Nature},
  year		= 2010,
  volume	= 464,
  pages		= {575-578}
}

@Article{	  sacanna11,
  author	= {Sacanna, Sefano and Irvine, William T. M. and Rossi, Laura
		  and Pine, David J.},
  title		= {Lock and key colloids through polymerization-induced
		  buckling of monodisperse silicon oil droplets},
  journal	= {Soft Matter},
  year		= 2011,
  volume	= 7,
  pages		= {1631-1634}
}

@Article{	  sacanna13,
  author	= {Sacanna, Stefano and Korpics, Mark and Rodriguez, Kelvin
		  and Colon-Melendez, Laura and Kim, Seung-Hyun and Pine,
		  David J. and Yi, Gi-Ra},
  title		= {Shaping colloids for self-assembly},
  journal	= natcomm,
  year		= 2013,
  volume	= 4,
  pages		= {1688-}
}

@Article{	  wang14,
  author	= {Wang, Yu and Wang, Yufeng and Zheng, Xiaolong and Yi,
		  Gi-Ra and Sacanna, Stefano and Pine, David J. and Weck,
		  Marcus},
  title		= {Three-dimensional lock and key colloids},
  journal	= jacs,
  year		= 2014,
  volume	= 136,
  number	= 19,
  pages		= {6866-6869}
}

@Book{		  mishchenko02,
  author	= {Mishchenko, M. I. and Travis, L. D. and Lacis, A. A.},
  title		= {Scattering, Absorption and Emission of Light by Small
		  Particles},
  publisher	= {Cambridge University Press},
  year		= 2001,
  address	= {Cambridge}
}

@Article{	  cermola87,
  author	= {Cermola, Michele and Schreil, Werner-Hans},
  title		= {Size changes of polystyrene latex particles in the
		  electron microscope under controlled physical conditions},
  journal	= {Microscopy Res. Techn.},
  year		= 1987,
  volume	= 5,
  number	= 2,
  pages		= {171-179}
}

@Article{	  draine94,
  author	= {Draine, Bruce T. and Flatau, Piotr J.},
  title		= {Discrete-dipole approximation for scattering
		  calculations},
  journal	= josaa,
  year		= 1994,
  volume	= 11,
  pages		= {1491-1499}
}

@Article{	  fung12,
  author	= {Fung, J. and Perry, R. W. and Dimiduk, T. G. and
		  Manoharan, V. N.},
  title		= {Imaging multiple colloidal particles by fitting
		  electromagnetic scattering solutions to digital holograms},
  journal	= jqsrt,
  year		= 2012,
  volume	= 113,
  pages		= {212-219}
}

@Article{	  perry12,
  author	= {Perry, R. W. and Meng, G. N. and Dimiduk, T. G. and Fung,
		  J. and Manoharan, V. N.},
  title		= {Real-space studies of the structure and dynamics of
		  self-assembled colloidal clusters},
  journal	= fd,
  year		= 2012,
  volume	= 159,
  pages		= {211-234}
}

@Article{	  wang14using,
  author	= {Wang, Anna and Dimiduk, Thomas G. and Fung, Jerome and
		  Razavi, Sepideh and Kretzschmar, Ilona and Chaudhary,
		  Kundan and Manoharan, Vinothan N.},
  title		= {Using the discrete dipole approximation and holographic
		  microscopy to measure rotational dynamics of non-spherical
		  colloidal particles},
  journal	= jqsrt,
  year		= 2014,
  volume	= 146,
  pages		= {499-509}
}

@Article{	  yamada85,
  author	= {Yamada, Yuji and Miyamoto, Katsuhiro and Koizumi, Akira},
  title		= {Size determination of latex particles by electron
		  microscopy},
  journal	= {Aerosol Sci. Techn.},
  year		= 1985,
  volume	= 4,
  number	= 2,
  pages		= {227-232}
}

@Article{	  yurkin11,
  author	= {Yurkin, M. A. and Hoekstra, A. G.},
  title		= {The discrete-dipole-approximation code ADDA: Capabilities
		  and known limitations},
  journal	= jqsrt,
  year		= 2011,
  volume	= 112,
  pages		= {2234-2247}
}
